
@book{bishop1985constructive,
  title={Constructive analysis},
  author={Bishop, Errett and Bridges, Douglas},
  volume={279},
  year={1985},
  publisher={Springer Science \& Business Media},
  address={Berlin}
}

@article{curry1980hb,
  title={To HB Curry: essays on combinatory logic, lambda calculus, and formalism},
  author={Curry, Haskell B and Hindley, J Roger and Seldin, Jonathan Paul},
  year={1980},
  publisher={Academic Press},
  journal={Academic Press}
}

@techreport{nuo2010representing,
  title={Representing numbers in Agda},
  author={Nuo, Li},
  year={2010},
  institution={School of Computer Science, University of Nottingham, 2010},
  publisher={Summer internship report}
}

@article{kaliszyk2008computing,
  title={Computing with classical real numbers},
  author={Kaliszyk, Cezary and O'Connor, Russell},
  journal={Journal of Formalized Reasoning Vol. 2, No. 1, Pages 27-39.},
  year={2008}
}

@misc{sabry,
  author = {Sabry},
  title = {Operations on rationals},
  year = {2014},
  publisher = {GitHub},
  howpublished = {Distributed electronically at \url{https://github.com/sabry/agda-stdlib/blob/master/src/Data/Rational.agda}},
  commit = {b1e4942073808c24d09d84439552d6e70af6f284}
}